@article{Shannon1948,
  title={A mathematical theory of communication},
  author={Shannon, Claude Elwood},
  journal={The Bell Technical Journal},
  volume={27},
  number={4},
  pages={379--423},
  year={1948}
}

@article{StrongEtAl1998,
  title={Entropy and information in neural spike trains},
  author={Strong, Steven P and Koberle, Roland and van Steveninck, Rob R de Ruyter and Bialek, William},
  journal={Physical Review Letters},
  volume={80},
  number={1},
  pages={197},
  year={1998},
  publisher={APS}
}

@article{BialekEtAl1991,
  title={Reading a neural code},
  author={Bialek, William and Rieke, Fred and Van Steveninck, RR De Ruyter and Warland, David},
  journal={Science},
  volume={252},
  number={5014},
  pages={1854--1857},
  year={1991},
  publisher={American Association for the Advancement of Science}
}

@article{RiekeWarlandBialek1993,
  title={Coding efficiency and information rates in sensory neurons},
  author={Rieke, F and Warland, D and Bialek, W},
  journal={EPL (Europhysics Letters)},
  volume={22},
  number={2},
  pages={151},
  year={1993},
  publisher={IOP Publishing}
}

@article{RiekeBodnarBialek1995,
  title={Naturalistic stimuli increase the rate and efficiency of information transmission by primary auditory afferents},
  author={Rieke, F and Bodnar, DA and Bialek, W},
  journal={Proc. R. Soc. Lond. B},
  volume={262},
  number={1365},
  pages={259--265},
  year={1995},
  publisher={The Royal Society}
}

@article{BellSejnowski1995,
  title={An information-maximization approach to blind separation and blind deconvolution},
  author={Bell, Anthony J and Sejnowski, Terrence J},
  journal={Neural computation},
  volume={7},
  number={6},
  pages={1129--1159},
  year={1995},
  publisher={MIT Press}
}

@article{NemenmanEtAl2004,
  title={Entropy and information in neural spike trains: Progress on the sampling problem},
  author={Nemenman, Ilya and Bialek, William and van Steveninck, Rob de Ruyter},
  journal={Physical Review E},
  volume={69},
  number={5},
  pages={056111},
  year={2004},
  publisher={APS}
}

@article{Houghton2015,
  title={Calculating mutual information for spike trains and other data with distances but no coordinates},
  author={Houghton, Conor},
  journal={Royal Society open science},
  volume={2},
  number={5},
  pages={140391},
  year={2015},
  publisher={The Royal Society}
}

@article{Houghton2018,
  title={Calculating the Mutual Information Between Two Spike Trains},
  author={Houghton, Conor J},
  journal={bioRxiv},
  pages={423608},
  year={2018},
  publisher={Cold Spring Harbor Laboratory}
}

@article{Hyvarinen1999,
  title={Fast and robust fixed-point algorithms for independent component analysis},
  author={Hyvarinen, Aapo},
  journal={IEEE transactions on Neural Networks},
  volume={10},
  number={3},
  pages={626--634},
  year={1999},
  publisher={IEEE}
}

@book{PressEtAl2007,
  title={Numerical recipes 3rd edition: The art of scientific computing},
  author={Press, William H and Teukolsky, Saul A and Vetterling, William T and Flannery, Brian P},
  year={2007},
  publisher={Cambridge university press}
}

@article{Amari1998,
  title={Natural gradient works efficiently in learning},
  author={Amari, Shun-Ichi},
  journal={Neural computation},
  volume={10},
  number={2},
  pages={251--276},
  year={1998},
  publisher={MIT Press}
}

@article{ErnstBanks2002,
  title={Humans integrate visual and haptic information in a statistically optimal fashion},
  author={Ernst, Marc O and Banks, Martin S},
  journal={Nature},
  volume={415},
  number={6870},
  pages={429},
  year={2002},
  publisher={Nature Publishing Group}
}

@article{YuDayanCohen2009,
  title={Dynamics of attentional selection under conflict: toward a rational Bayesian account.},
  author={Yu, Angela J and Dayan, Peter and Cohen, Jonathan D},
  journal={Journal of Experimental Psychology: Human Perception and Performance},
  volume={35},
  number={3},
  pages={700},
  year={2009},
  publisher={American Psychological Association}
}

@article{EriksenEriksen1974,
  title={Effects of noise letters upon the identification of a target letter in a nonsearch task},
  author={Eriksen, Barbara A and Eriksen, Charles W},
  journal={Perception \& psychophysics},
  volume={16},
  number={1},
  pages={143--149},
  year={1974},
  publisher={Springer}
}

@article{DawEtAl2006,
  title={Cortical substrates for exploratory decisions in humans},
  author={Daw, Nathaniel D and O'Doherty, John P and Dayan, Peter and Seymour, Ben and Dolan, Raymond J},
  journal={Nature},
  volume={441},
  number={7095},
  pages={876},
  year={2006},
  publisher={Nature Publishing Group}
}

@article{WolpertEtAl1995,
  title={An internal model for sensorimotor integration},
  author={Wolpert, Daniel M and Ghahramani, Zoubin and Jordan, Michael I},
  journal={Science},
  volume={269},
  number={5232},
  pages={1880--1882},
  year={1995},
  publisher={American Association for the Advancement of Science}
}

@article{MistryEt2013,
  title={Optimal control of reaching includes kinematic constraints},
  author={Mistry, Michael and Theodorou, Evangelos and Schaal, Stefan and Kawato, Mitsuo},
  journal={Journal of Neurophysiology},
  volume={110},
  number={1},
  pages={1--11},
  year={2013},
  publisher={American Physiological Society Bethesda, MD}
}

@article{Albus1971,
  title={A theory of cerebellar function},
  author={Albus, James S},
  journal={Mathematical Biosciences},
  volume={10},
  number={1-2},
  pages={25--61},
  year={1971},
  publisher={Elsevier}
}

@article{GaoEtAl1996,
  title={Cerebellum implicated in sensory acquisition and discrimination rather than motor control},
  author={Gao, Jia-Hong and Parsons, Lawrence M and Bower, James M and Xiong, Jinhu and Li, Jinqi and Fox, Peter T},
  journal={Science},
  volume={272},
  number={5261},
  pages={545--547},
  year={1996},
  publisher={American Association for the Advancement of Science}
}

@article{Marr1969,
  title={A theory of cerebellar cortex},
  author={Marr, David},
  journal={The Journal of physiology},
  volume={202},
  number={2},
  pages={437--470},
  year={1969},
  publisher={Wiley Online Library}
}

